%YAML 1.1
%TAG !u! tag:unity3d.com,2011:
--- !u!1 &5528743363898198137
GameObject:
  m_ObjectHideFlags: 0
  m_CorrespondingSourceObject: {fileID: 0}
  m_PrefabInstance: {fileID: 0}
  m_PrefabAsset: {fileID: 0}
  serializedVersion: 6
  m_Component:
  - component: {fileID: 2372431524046794057}
  - component: {fileID: 7126411018414421504}
  - component: {fileID: 5716062641096908519}
  - component: {fileID: 198508145030016364}
  - component: {fileID: 8545015459914258005}
  m_Layer: 0
  m_Name: chessman_black_minister
  m_TagString: Untagged
  m_Icon: {fileID: 0}
  m_NavMeshLayer: 0
  m_StaticEditorFlags: 0
  m_IsActive: 1
--- !u!4 &2372431524046794057
Transform:
  m_ObjectHideFlags: 0
  m_CorrespondingSourceObject: {fileID: 0}
  m_PrefabInstance: {fileID: 0}
  m_PrefabAsset: {fileID: 0}
  m_GameObject: {fileID: 5528743363898198137}
  m_LocalRotation: {x: 0, y: 0, z: 0, w: 1}
  m_LocalPosition: {x: -0.86351776, y: -1.4748545, z: -1.3545722}
  m_LocalScale: {x: 1, y: 1, z: 1}
  m_Children:
  - {fileID: 77763045799631119}
  m_Father: {fileID: 0}
  m_RootOrder: 0
  m_LocalEulerAnglesHint: {x: 0, y: 0, z: 0}
--- !u!65 &7126411018414421504
BoxCollider:
  m_ObjectHideFlags: 0
  m_CorrespondingSourceObject: {fileID: 0}
  m_PrefabInstance: {fileID: 0}
  m_PrefabAsset: {fileID: 0}
  m_GameObject: {fileID: 5528743363898198137}
  m_Material: {fileID: 0}
  m_IsTrigger: 0
  m_Enabled: 1
  serializedVersion: 2
  m_Size: {x: 1.5, y: 3, z: 1}
  m_Center: {x: 0, y: 1.5, z: 0}
--- !u!114 &5716062641096908519
MonoBehaviour:
  m_ObjectHideFlags: 0
  m_CorrespondingSourceObject: {fileID: 0}
  m_PrefabInstance: {fileID: 0}
  m_PrefabAsset: {fileID: 0}
  m_GameObject: {fileID: 5528743363898198137}
  m_Enabled: 1
  m_EditorHideFlags: 0
  m_Script: {fileID: 11500000, guid: 83dcd8dace8b7fe449d796b980cb121d, type: 3}
  m_Name: 
  m_EditorClassIdentifier: 
  DeselectOnUp: 0
  HideWithFinger: 0
  IsolateSelectingFingers: 0
  onSelect:
    m_PersistentCalls:
      m_Calls:
      - m_Target: {fileID: 198508145030016364}
        m_MethodName: Select
        m_Mode: 6
        m_Arguments:
          m_ObjectArgument: {fileID: 0}
          m_ObjectArgumentAssemblyTypeName: UnityEngine.Object, UnityEngine
          m_IntArgument: 0
          m_FloatArgument: 0
          m_StringArgument: 
          m_BoolArgument: 1
        m_CallState: 2
    m_TypeName: Lean.Touch.LeanSelectable+LeanFingerEvent, Assembly-CSharp, Version=0.0.0.0,
      Culture=neutral, PublicKeyToken=null
  onSelectSet:
    m_PersistentCalls:
      m_Calls: []
    m_TypeName: Lean.Touch.LeanSelectable+LeanFingerEvent, Assembly-CSharp, Version=0.0.0.0,
      Culture=neutral, PublicKeyToken=null
  onSelectUp:
    m_PersistentCalls:
      m_Calls: []
    m_TypeName: Lean.Touch.LeanSelectable+LeanFingerEvent, Assembly-CSharp, Version=0.0.0.0,
      Culture=neutral, PublicKeyToken=null
  onDeselect:
    m_PersistentCalls:
      m_Calls:
      - m_Target: {fileID: 198508145030016364}
        m_MethodName: Select
        m_Mode: 6
        m_Arguments:
          m_ObjectArgument: {fileID: 0}
          m_ObjectArgumentAssemblyTypeName: UnityEngine.Object, UnityEngine
          m_IntArgument: 0
          m_FloatArgument: 0
          m_StringArgument: 
          m_BoolArgument: 0
        m_CallState: 2
    m_TypeName: UnityEngine.Events.UnityEvent, UnityEngine.CoreModule, Version=0.0.0.0,
      Culture=neutral, PublicKeyToken=null
  isSelected: 0
--- !u!114 &198508145030016364
MonoBehaviour:
  m_ObjectHideFlags: 0
  m_CorrespondingSourceObject: {fileID: 0}
  m_PrefabInstance: {fileID: 0}
  m_PrefabAsset: {fileID: 0}
  m_GameObject: {fileID: 5528743363898198137}
  m_Enabled: 1
  m_EditorHideFlags: 0
  m_Script: {fileID: 11500000, guid: 14351b9d3f76d0340b740d9acc9c3e8e, type: 3}
  m_Name: 
  m_EditorClassIdentifier: 
--- !u!114 &8545015459914258005
MonoBehaviour:
  m_ObjectHideFlags: 0
  m_CorrespondingSourceObject: {fileID: 0}
  m_PrefabInstance: {fileID: 0}
  m_PrefabAsset: {fileID: 0}
  m_GameObject: {fileID: 5528743363898198137}
  m_Enabled: 1
  m_EditorHideFlags: 0
  m_Script: {fileID: 11500000, guid: 5fea29bb7c508c244a1f805a5fd3fc4d, type: 3}
  m_Name: 
  m_EditorClassIdentifier: 
  outlineMode: 0
  outlineColor: {r: 0, g: 0.21683025, b: 1, a: 1}
  outlineWidth: 2
  precomputeOutline: 0
  bakeKeys: []
  bakeValues: []
--- !u!1001 &77763045799802733
PrefabInstance:
  m_ObjectHideFlags: 0
  serializedVersion: 2
  m_Modification:
    m_TransformParent: {fileID: 2372431524046794057}
    m_Modifications:
    - target: {fileID: 108508, guid: 1ae6e4e008749404d95ce29b596ce5e0, type: 3}
      propertyPath: m_Name
      value: SF_Character_Human_Wizard
      objectReference: {fileID: 0}
    - target: {fileID: 437858, guid: 1ae6e4e008749404d95ce29b596ce5e0, type: 3}
      propertyPath: m_LocalPosition.x
      value: 0
      objectReference: {fileID: 0}
    - target: {fileID: 437858, guid: 1ae6e4e008749404d95ce29b596ce5e0, type: 3}
      propertyPath: m_LocalPosition.y
      value: 0
      objectReference: {fileID: 0}
    - target: {fileID: 437858, guid: 1ae6e4e008749404d95ce29b596ce5e0, type: 3}
      propertyPath: m_LocalPosition.z
      value: 0
      objectReference: {fileID: 0}
    - target: {fileID: 437858, guid: 1ae6e4e008749404d95ce29b596ce5e0, type: 3}
      propertyPath: m_LocalRotation.x
      value: 0
      objectReference: {fileID: 0}
    - target: {fileID: 437858, guid: 1ae6e4e008749404d95ce29b596ce5e0, type: 3}
      propertyPath: m_LocalRotation.y
      value: 0
      objectReference: {fileID: 0}
    - target: {fileID: 437858, guid: 1ae6e4e008749404d95ce29b596ce5e0, type: 3}
      propertyPath: m_LocalRotation.z
      value: 0
      objectReference: {fileID: 0}
    - target: {fileID: 437858, guid: 1ae6e4e008749404d95ce29b596ce5e0, type: 3}
      propertyPath: m_LocalRotation.w
      value: 1
      objectReference: {fileID: 0}
    - target: {fileID: 437858, guid: 1ae6e4e008749404d95ce29b596ce5e0, type: 3}
      propertyPath: m_RootOrder
      value: 0
      objectReference: {fileID: 0}
    - target: {fileID: 437858, guid: 1ae6e4e008749404d95ce29b596ce5e0, type: 3}
      propertyPath: m_LocalEulerAnglesHint.x
      value: 0
      objectReference: {fileID: 0}
    - target: {fileID: 437858, guid: 1ae6e4e008749404d95ce29b596ce5e0, type: 3}
      propertyPath: m_LocalEulerAnglesHint.y
      value: 0
      objectReference: {fileID: 0}
    - target: {fileID: 437858, guid: 1ae6e4e008749404d95ce29b596ce5e0, type: 3}
      propertyPath: m_LocalEulerAnglesHint.z
      value: 0
      objectReference: {fileID: 0}
    m_RemovedComponents: []
  m_SourcePrefab: {fileID: 100100000, guid: 1ae6e4e008749404d95ce29b596ce5e0, type: 3}
--- !u!4 &77763045799631119 stripped
Transform:
  m_CorrespondingSourceObject: {fileID: 437858, guid: 1ae6e4e008749404d95ce29b596ce5e0,
    type: 3}
  m_PrefabInstance: {fileID: 77763045799802733}
  m_PrefabAsset: {fileID: 0}
